@article{owidcoronavirus,
    author = {Max Roser, Hannah Ritchie, Esteban Ortiz-Ospina and Joe Hasell},
    title = {Coronavirus Pandemic (COVID-19)},
    journal = {Our World in Data},
    year = {2020},
    note = {https://ourworldindata.org/coronavirus}
}

@misc{harvard_health_publishing_2021, 
    title={Preventing the spread of the coronavirus}, url={https://www.health.harvard.edu/diseases-and-conditions/preventing-the-spread-of-the-coronavirus}, 
    journal={Harvard Health}, 
    author={Harvard Health Publishing}, 
    year={2021}, 
    month={May}
}    
@article{DBLP:journals/corr/SchroffKP15,
  author    = {Florian Schroff and
               Dmitry Kalenichenko and
               James Philbin},
  title     = {FaceNet: {A} Unified Embedding for Face Recognition and Clustering},
  journal   = {CoRR},
  volume    = {abs/1503.03832},
  year      = {2015},
  url       = {http://arxiv.org/abs/1503.03832},
  archivePrefix = {arXiv},
  eprint    = {1503.03832},
  timestamp = {Mon, 13 Aug 2018 16:46:42 +0200},
  biburl    = {https://dblp.org/rec/journals/corr/SchroffKP15.bib},
  bibsource = {dblp computer science bibliography, https://dblp.org}
}
@inproceedings{inproceedings,
author = {Taigman, Yaniv and Yang, Ming and Ranzato, Marc'Aurelio and Wolf, Lior},
year = {2014},
month = {09},
pages = {},
title = {DeepFace: Closing the Gap to Human-Level Performance in Face Verification},
journal = {Proceedings of the IEEE Computer Society Conference on Computer Vision and Pattern Recognition},
doi = {10.1109/CVPR.2014.220}
}
@inproceedings{haarcascade,
author = {Viola, Paul and Jones, Michael},
year = {2001},
month = {02},
pages = {I-511},
title = {Rapid Object Detection using a Boosted Cascade of Simple Features},
volume = {1},
isbn = {0-7695-1272-0},
journal = {IEEE Conf Comput Vis Pattern Recognit},
doi = {10.1109/CVPR.2001.990517}
}
@article{Zhang_2016,
   title={Joint Face Detection and Alignment Using Multitask Cascaded Convolutional Networks},
   volume={23},
   ISSN={1558-2361},
   url={http://dx.doi.org/10.1109/LSP.2016.2603342},
   DOI={10.1109/lsp.2016.2603342},
   number={10},
   journal={IEEE Signal Processing Letters},
   publisher={Institute of Electrical and Electronics Engineers (IEEE)},
   author={Zhang, Kaipeng and Zhang, Zhanpeng and Li, Zhifeng and Qiao, Yu},
   year={2016},
   month={Oct},
   pages={1499â€“1503}
}
@book{book,
author = {Zhang, Cha and Zhang, Zhengyou},
year = {2010},
month = {01},
pages = {1-17},
title = {A Survey of Recent Advances in Face Detection}
}
@article{article,
author = {Kim, Mooseop and Lee, Deok Gyu and Kim, Ki-Young},
year = {2015},
month = {05},
pages = {1-11},
title = {System Architecture for Real-Time Face Detection on Analog Video Camera},
volume = {2015},
journal = {International Journal of Distributed Sensor Networks},
doi = {10.1155/2015/251386}
}